@article{fourkas,
author = {John T. Fourkas},
journal = {Opt. Lett.},
keywords = {Fluorescence microscopy; Polarization},
number = {4},
pages = {211--213},
publisher = {OSA},
title = {Rapid determination of the three-dimensional orientation of single molecules},
volume = {26},
month = {Feb},
year = {2001},
url = {http://ol.osa.org/abstract.cfm?URI=ol-26-4-211},
}

@book{nov,
author={Novotny,Lukas and Hecht,Bert},
year=2006,
title={Principles of Nano-Optics},
publisher={Cambridge University Press},
language={English},
url = {https://www.photonics.ethz.ch/fileadmin/user_upload/Courses/NanoOptics/}
}

@article{carnicer,
  author={Artur Carnicer and Ignasi Juvells and David Maluenda and Rosario Martinez-Herrero and Pedro M Mejias},
  title={On the longitudinal component of paraxial fields},
  journal={European Journal of Physics},
  volume={33},
  number={5},
  pages={1235},
  url={http://stacks.iop.org/0143-0807/33/i=5/a=1235},
  year={2012},
}

@article{chen,
author = {Carl G. Chen and Paul T. Konkola and Juan Ferrera and Ralf K. Heilmann and Mark L. Schattenburg},
journal = {J. Opt. Soc. Am. A},
keywords = {Numerical approximation and analysis; Propagation},
number = {2},
pages = {404--412},
publisher = {OSA},
title = {Analyses of vector Gaussian beam propagation and the validity of paraxial and spherical approximations},
volume = {19},
month = {Feb},
year = {2002},
url = {http://josaa.osa.org/abstract.cfm?URI=josaa-19-2-404},
}

@article {richards,
	author = {Richards, B. and Wolf, E.},
	title = {Electromagnetic Diffraction in Optical Systems. II. Structure of the Image Field in an Aplanatic System},
	volume = {253},
	number = {1274},
	pages = {358--379},
	year = {1959},
	publisher = {The Royal Society},
	URL = {http://rspa.royalsocietypublishing.org/content/253/1274/358},
	journal = {Proceedings of the Royal Society of London A: Mathematical, Physical and Engineering Sciences}
}

@article{biobeam,
Author = {Martin Weigert and Eugene W. Myers and Moritz Kreysing},
Title = {Biobeam - Rigorous wave-optical simulations of light-sheet microscopy},
Year = {2017},
URL = {https://arxiv.org/abs/1706.02261},
}

@Article{wu2013,
author={Wu, Yicong
and Wawrzusin, Peter
and Senseney, Justin
and Fischer, Robert S.
and Christensen, Ryan
and Santella, Anthony
and York, Andrew G.
and Winter, Peter W.
and Waterman, Clare M.
and Bao, Zhirong
and Colon-Ramos, Daniel A.
and McAuliffe, Matthew
and Shroff, Hari},
title={Spatially isotropic four-dimensional imaging with dual-view plane illumination microscopy},
journal={Nat Biotech},
year={2013},
month={Nov},
publisher={Nature Publishing Group, a division of Macmillan Publishers Limited. All Rights Reserved.},
volume={31},
number={11},
pages={1032-1038},
note={Research},
issn={1087-0156},
url={http://www.nature.com/nbt/journal/v31/n11/full/nbt.2713.html}
}

@article{agrawal,
author = {Anurag Agrawal and Sean Quirin and Ginni Grover and Rafael Piestun},
journal = {Opt. Express},
keywords = {Three-dimensional microscopy; Computational imaging ; Information theoretical analysis},
number = {24},
pages = {26667--26680},
publisher = {OSA},
title = {Limits of 3D dipole localization and orientation estimation for single-molecule imaging: towards Green's tensor engineering},
volume = {20},
month = {Nov},
year = {2012},
url = {http://www.opticsexpress.org/abstract.cfm?URI=oe-20-24-26667},
}

