
@book{jackson,
title = {Classical electrodynamics},
author = {Jackson, John David},
address = {New York},
publisher = {Wiley},
year = 1962,
pages = 641,
crossref = {https://catalog.lib.uchicago.edu/vufind/Record/1055549},
note = {Equation 9.18, 3rd edition.}
}

@book{nov,
author={Novotny,Lukas and Hecht,Bert},
year=2006,
title={Principles of nano-optics},
publisher={Cambridge University Press},
language={English},
}

@article{backer,
author = {Backer, Adam S. and Moerner, W. E.},
title = {Extending Single-Molecule Microscopy Using Optical Fourier Processing},
journal = {The Journal of Physical Chemistry B},
volume = {118},
number = {28},
pages = {8313-8329},
year = {2014},
doi = {10.1021/jp501778z},
note ={PMID: 24745862},
URL = {http://dx.doi.org/10.1021/jp501778z},
eprint = {http://dx.doi.org/10.1021/jp501778z}
}

@article{agrawal, 
author = {Anurag Agrawal and Sean Quirin and Ginni Grover and Rafael Piestun}, 
journal = {Opt. Express}, 
keywords = {Three-dimensional microscopy; Computational imaging ; Information theoretical analysis},
number = 24, 
pages = {26667--26680}, 
publisher = {OSA},
title = {Limits of {3D} dipole localization and orientation estimation for single-molecule imaging: towards Green's tensor engineering}, 
volume = 20, 
month = {Nov},
year = 2012,
url = {http://www.opticsexpress.org/abstract.cfm?URI=oe-20-24-26667},
doi = {10.1364/OE.20.026667},
}

@misc{rotation,
  title = {{Rotation Matrix}},
  howpublished = "\url{https://en.wikipedia.org/wiki/Rotation_matrix#Rotation_matrix_from_axis_and_angle}",
  note = "[Online; accessed 30-January-2017]"
}

@article{fourkas, 
author = {John T. Fourkas}, 
journal = {Opt. Lett.}, 
keywords = {Fluorescence microscopy; Polarization},
number = {4}, 
pages = {211--213}, 
publisher = {OSA},
title = {Rapid determination of the three-dimensional orientation of single molecules}, 
volume = {26}, 
month = {Feb},
year = {2001},
url = {http://ol.osa.org/abstract.cfm?URI=ol-26-4-211},
doi = {10.1364/OL.26.000211},
abstract = {A technique is proposed for determination of the three-dimensional orientation of the transition dipoles of single molecules by use of polarization-sensitive detection of fluorescence through a high-N.A.  objective. Molecular orientation can be determined uniquely and rapidly based on the counts from three detectors that are sensitive to different polarizations of light.},
}

@article {backlund,
author = {Backlund, Mikael P. and Lew, Matthew D. and Backer, Adam S. and Sahl, Steffen J. and Moerner, W. E.},
title = {The Role of Molecular Dipole Orientation in Single-Molecule Fluorescence Microscopy and Implications for Super-Resolution Imaging},
journal = {ChemPhysChem},
volume = {15},
number = {4},
publisher = {WILEY-VCH Verlag},
issn = {1439-7641},
url = {http://dx.doi.org/10.1002/cphc.201300880},
doi = {10.1002/cphc.201300880},
pages = {587--599},
keywords = {fluorescence microscopy, molecular orientation, rotational mobility, single-molecule studies, super-resolution imaging},
year = {2014},
}

@article {richards,
	author = {Richards, B. and Wolf, E.},
	title = {Electromagnetic Diffraction in Optical Systems. II. Structure of the Image Field in an Aplanatic System},
	volume = {253},
	number = {1274},
	pages = {358--379},
	year = {1959},
	doi = {10.1098/rspa.1959.0200},
	publisher = {The Royal Society},
	issn = {0080-4630},
	URL = {http://rspa.royalsocietypublishing.org/content/253/1274/358},
	eprint = {http://rspa.royalsocietypublishing.org/content/253/1274/358.full.pdf},
	journal = {Proceedings of the Royal Society of London A: Mathematical, Physical and Engineering Sciences}
}

@article{youngworth, 
author = {K. S. Youngworth and T. G Brown}, 
journal = {Opt. Express}, 
keywords = {Image formation theory; Laser beam shaping; Polarization},
number = {2}, 
pages = {77--87}, 
publisher = {OSA},
title = {Focusing of high numerical aperture cylindrical-vector beams}, 
volume = {7}, 
month = {Jul},
year = {2000},
url = {http://www.opticsexpress.org/abstract.cfm?URI=oe-7-2-77},
doi = {10.1364/OE.7.000077},
}

@Article{debarre,
author="D{\'e}barre, A.
and Jaffiol, R.
and Julien, C.
and Nutarelli, D.
and Richard, A.
and Tch{\'e}nio, P.
and Chaput, F.
and Boilot, J.-P.",
title="Quantitative determination of the 3D dipole orientation of single molecules",
journal="The European Physical Journal D - Atomic, Molecular, Optical and Plasma Physics",
year="2004",
volume="28",
number="1",
pages="67--77",
issn="1434-6079",
doi="10.1140/epjd/e2003-00295-1",
url="http://dx.doi.org/10.1140/epjd/e2003-00295-1"
}

@article{wolf,
title = "Unified theory of coherence and polarization of random electromagnetic beams ",
journal = "Physics Letters A ",
volume = "312",
number = "5–6",
pages = "263 - 267",
year = "2003",
note = "",
issn = "0375-9601",
doi = "http://dx.doi.org/10.1016/S0375-9601(03)00684-4",
url = "http://www.sciencedirect.com/science/article/pii/S0375960103006844",
author = "Emil Wolf",
}

@article{rosell2003,
author = {Rosell, Federico I. and Boxer, Steven G.},
title = {Polarized Absorption Spectra of Green Fluorescent Protein Single Crystals:  Transition Dipole Moment Directions},
journal = {Biochemistry},
volume = {42},
number = {1},
pages = {177-183},
year = {2003},
doi = {10.1021/bi0266535},
note ={PMID: 12515552},
URL = {http://dx.doi.org/10.1021/bi0266535},
}


@article{koberling,
author = {Koberling, Felix and Kolb, Ute and Philipp, Günther and Potapova, Inga and Basché, Thomas and Mews, Alf},
title = {Fluorescence Anisotropy and Crystal Structure of Individual Semiconductor Nanocrystals},
journal = {The Journal of Physical Chemistry B},
volume = {107},
number = {30},
pages = {7463-7471},
year = {2003},
doi = {10.1021/jp027800b},
URL = {http://dx.doi.org/10.1021/jp027800b},
}


@article{azzam,
author = {R. M. A. Azzam},
journal = {J. Opt. Soc. Am. A},
keywords = {Physical optics; Polarization; Total internal reflection; Waves},
number = {11},
pages = {2279--2283},
publisher = {OSA},
title = {Three-dimensional polarization states of monochromatic light fields},
volume = {28},
month = {Nov},
year = {2011},
url = {http://josaa.osa.org/abstract.cfm?URI=josaa-28-11-2279},
doi = {10.1364/JOSAA.28.002279},
}

@article{oretega,
author = {No\'{e} Ortega-Quijano and Jos\'{e} Luis Arce-Diego},
journal = {Opt. Express},
keywords = {Physical optics; Ellipsometry and polarimetry; Polarization},
number = {6},
pages = {6895--6900},
publisher = {OSA},
title = {Generalized Jones matrices for anisotropic media},
volume = {21},
month = {Mar},
year = {2013},
url = {http://www.opticsexpress.org/abstract.cfm?URI=oe-21-6-6895},
doi = {10.1364/OE.21.006895},
}

@book{saleh,
  title={Fundamentals of Photonics},
  author={Saleh, B.E.A. and Teich, M.C.},
  isbn={9780471358329},
  lccn={2008277958},
  series={Wiley Series in Pure and Applied Optics},
  url={https://books.google.com/books?id=Ve8eAQAAIAAJ},
  year={2007},
  publisher={Wiley}
}
@article{ortega, 
author = {No\'{e} Ortega-Quijano and Jos\'{e} Luis Arce-Diego}, 
journal = {Opt. Express}, 
keywords = {Physical optics; Ellipsometry and polarimetry; Polarization},
number = {6}, 
pages = {6895--6900}, 
publisher = {OSA},
title = {Generalized Jones matrices for anisotropic media}, 
volume = {21}, 
month = {Mar},
year = {2013},
url = {http://www.opticsexpress.org/abstract.cfm?URI=oe-21-6-6895},
doi = {10.1364/OE.21.006895},
}


@article{foreman,
author = { Matthew R.   Foreman  and  Peter   Torok },
title = {Computational methods in vectorial imaging},
journal = {Journal of Modern Optics},
volume = {58},
number = {5-6},
pages = {339-364},
year = {2011},
doi = {10.1080/09500340.2010.525668},
}


@article{lux,
author = {Chun-Yaung Lu and David A. Vanden Bout},
title = {Analysis of orientational dynamics of single fluorophore trajectories from three-angle polarization experiments},
journal = {The Journal of Chemical Physics},
volume = {128},
number = {24},
pages = {244501},
year = {2008},
doi = {10.1063/1.2937730},
}


