@article{fourkas,
author = {John T. Fourkas},
journal = {Opt. Lett.},
keywords = {Fluorescence microscopy; Polarization},
number = {4},
pages = {211--213},
publisher = {OSA},
title = {Rapid determination of the three-dimensional orientation of single molecules},
volume = {26},
month = {Feb},
year = {2001},
url = {http://ol.osa.org/abstract.cfm?URI=ol-26-4-211},
doi = {10.1364/OL.26.000211},
}

@article{bout2008,
  title={Analysis of orientational dynamics of single fluorophore trajectories from three-angle polarization experiments.},
  author={Chun-Yaung Lu and David A Vanden Bout},
  journal={The Journal of chemical physics},
  year={2008},
  volume={128 24},
  pages={244501}
}

@book{nov,
author={Novotny,Lukas and Hecht,Bert},
year=2006,
title={Principles of nano-optics},
publisher={Cambridge University Press},
language={English},
}

@article{backer,
author = {Backer, Adam S. and Moerner, W. E.},
title = {Extending Single-Molecule Microscopy Using Optical Fourier Processing},
journal = {The Journal of Physical Chemistry B},
volume = {118},
number = {28},
pages = {8313-8329},
year = {2014},
doi = {10.1021/jp501778z},
note ={PMID: 24745862},
URL = {http://dx.doi.org/10.1021/jp501778z},
eprint = {http://dx.doi.org/10.1021/jp501778z}
}

@article{lieb,
author = {M. Andreas Lieb and James M. Zavislan and Lukas Novotny},
journal = {J. Opt. Soc. Am. B},
keywords = {Fluorescence microscopy; Fluorescence; Emission},
number = {6},
pages = {1210--1215},
publisher = {OSA},
title = {Single-molecule orientations determined by direct emission pattern imaging},
volume = {21},
month = {Jun},
year = {2004},
url = {http://josab.osa.org/abstract.cfm?URI=josab-21-6-1210},
doi = {10.1364/JOSAB.21.001210},
}

@article{lux,
author = {Chun-Yaung Lu and David A. Vanden Bout},
title = {Analysis of orientational dynamics of single fluorophore trajectories from three-angle polarization experiments},
journal = {The Journal of Chemical Physics},
volume = {128},
number = {24},
pages = {244501},
year = {2008},
doi = {10.1063/1.2937730},
}