@techreport{sra2007modeling,
  title={Modeling data using directional distributions: Part {II}},
  author={Sra, Suvrit and Jain, Prateek and Dhillon, Inderjit},
  year={2007}
}

@book{jupp,
author={Mardia, K. V. and Jupp, Peter E.},
year={2000},
title={Directional statistics},
publisher={J. Wiley},
address={Chichester; New York;},
edition={New},
keywords={Mathematical statistics; Sampling (Statistics); Distribution (Probability theory); Mathematics},
isbn={0471953334;9780471953333;},
language={English},
}

@Inbook{Love2007,
author="Love, Jeffrey J.",
editor="Gubbins, David
and Herrero-Bervera, Emilio",
title="Bingham Statistics",
bookTitle="Encyclopedia of Geomagnetism and Paleomagnetism",
year="2007",
publisher="Springer Netherlands",
address="Dordrecht",
pages="45--47",
isbn="978-1-4020-4423-6",
doi="10.1007/978-1-4020-4423-6_19",
url="https://doi.org/10.1007/978-1-4020-4423-6_19"
}

@Article{Jespersen2012,
author={Jespersen, Sune N{\o}rh{\o}j
and Leigland, Lindsey A.
and Cornea, Anda
and Kroenke, Christopher D.},
title={Determination of Axonal and Dendritic Orientation Distributions Within the Developing Cerebral Cortex by Diffusion Tensor Imaging},
journal={IEEE Trans Med Imaging},
year={2012},
month={Jan},
day={14},
volume={31},
number={1},
pages={16-32},
note={21768045[pmid]},
issn={0278-0062},
doi={10.1109/TMI.2011.2162099},
url={http://www.ncbi.nlm.nih.gov/pmc/articles/PMC3271123/}
}

@inproceedings{alex,
  title={Improving narrowband {DOA} estimation of sound sources using the complex Watson distribution},
  author={Alexandridis, Anastasios and Mouchtaris, Athanasios},
  booktitle={Signal Processing Conference (EUSIPCO), 2016 24th European},
  pages={1468--1472},
  year={2016},
  organization={IEEE}
}

@article{fourkas2001,
author = {John T. Fourkas},
journal = {Opt. Lett.},
keywords = {Fluorescence microscopy; Polarization},
number = {4},
pages = {211--213},
publisher = {OSA},
title = {Rapid determination of the three-dimensional orientation of single molecules},
volume = {26},
month = {Feb},
year = {2001},
url = {http://ol.osa.org/abstract.cfm?URI=ol-26-4-211},
doi = {10.1364/OL.26.000211},
abstract = {A technique is proposed for determination of the three-dimensional orientation of the transition dipoles of single molecules by use of polarization-sensitive detection of fluorescence through a high-N.A.  objective. Molecular orientation can be determined uniquely and rapidly based on the counts from three detectors that are sensitive to different polarizations of light.},
}
